@book{lin,
  title={Data-Intensive Text Processing with MapReduce},
  author={Lin, Jimmy and Dyer, Chris},
  year={2010},
  publisher={Morgan \& Claypool Publishers}
}
@book{mmds,
  title={Mining of massive datasets},
  author={Leskovec, Jure and Rajaraman, Anand and Ullman, Jeffrey David},
  year={2014},
  publisher={Cambridge University Press}
}
